@techreport{sparks2017trillion,
author = {Philip Sparks},
title = "The route to a trillion devices",
institution = {ARM Ltd.},
year = {2017},
}

@INPROCEEDINGS{4494336,
author={Sravanthi Chalasani and J. M. {Conrad}},
booktitle={IEEE SoutheastCon},
title={A survey of energy harvesting sources for embedded systems},
month=apr,
year={2008},
pages={442-447},
}

@article{Kansal:2007:PME:1274858.1274870,
author = {Kansal, Aman and Hsu, Jason and Zahedi, Sadaf and Srivastava, Mani B.},
title = {Power Management in Energy Harvesting Sensor Networks},
journal = {ACM Trans. Embed. Comput. Syst.},
volume = {6},
number = {4},
month = sep,
year = {2007},
} 


@ARTICLE{4494753,
author={F. I. {Simjee} and P. H. {Chou}},
journal={IEEE Trans. Power Electron.},
title={Efficient Charging of Supercapacitors for Extended Lifetime of Wireless Sensor Nodes},
volume={23},
number={3},
pages={1526-1536},
month={May},
year={2008},
}

@article{LIU2014210,
author = "Guannan Liu and Yanjun Yu and Jing Hou and Wei Xue and Xinhui Liu and Yanzhen Liu and Wanhua Wang and Ahmed Alsaedi and Tasawar Hayat and Zhengtao Liu",
title = "An ecological risk assessment of heavy metal pollution of the agricultural ecosystem near a lead-acid battery factory",
journal = "Ecological Indicators",
volume = "47",
pages = "210 - 218",
year = "2014",
}

@article{doi:10.1098/rsta.2019.0158,
author = {Sliper, Sivert T.  and Cetinkaya, Oktay  and Weddell, Alex S.  and Al-Hashimi, Bashir  and Merrett, Geoff V. },
title = {Energy-driven computing},
journal = {Philosophical Transactions of the Royal Society A},
volume = {378},
number = {2164},
year = {2020},
}

@ARTICLE{7478428,
author={K. {Ma} and X. {Li} and K. {Swaminathan} and Y. {Zheng} and S. {Li} and Y. {Liu} and Y. {Xie} and J. J. {Sampson} and V. {Narayanan}},
journal={IEEE Micro},
title={Nonvolatile Processor Architectures: Efficient, Reliable Progress with Unstable Power},
volume={36},
number={3},
pages={72-83},
month={May},
year={2016},
}

@article{6960060, 
author={D. {Balsamo} and A. S. {Weddell} and G. V. {Merrett} and B. M. {Al-Hashimi} and D. {Brunelli} and L. {Benini}}, 
journal={IEEE Embedded Syst. Lett.}, 
title={Hibernus: Sustaining Computation During Intermittent Supply for Energy-Harvesting Systems}, 
volume={7}, 
number={1}, 
pages={15-18}, 
month=mar,
year={2015}, 
}

@article{10.1145/2700249,
author = {Jayakumar, Hrishikesh and Raha, Arnab and Lee, Woo Suk and Raghunathan, Vijay},
title = {QuickRecall: A {HW/SW} Approach for Computing across Power Cycles in Transiently Powered Computers},
journal = {J. Emerg. Technol. Comput. Syst.},
year = {2015},
volume = {12},
number = {1},
month = aug,
}
  


@inproceedings{10.1145/2809695.2809707,
author = {Hester, Josiah and Sitanayah, Lanny and Sorber, Jacob},
title = {Tragedy of the Coulombs: Federating Energy Storage for Tiny, Intermittently-Powered Sensors},
booktitle = {Proc. 13th SenSys},
pages = {5–16},
address = {Seoul, South Korea},
year = {2015},
}

@article{10.1145/3281300,
author = {Balsamo, Domenico and Fletcher, Benjamin J. and Weddell, Alex S. and Karatziolas, Giorgos and Al-Hashimi, Bashir M. and Merrett, Geoff V.},
title = {Momentum: Power-Neutral Performance Scaling with Intrinsic MPPT for Energy Harvesting Computing Systems},
journal = {ACM Trans. Embed. Comput. Syst.},
volume = {17},
number = {6},
month = jan,
year = {2019},
}

@ARTICLE{7403941, 
author={D. {Balsamo} and A. {Das} and A. S. {Weddell} and D. {Brunelli} and B. M. {Al-Hashimi} and G. V. {Merrett} and L. {Benini}}, 
journal={IEEE Trans. Comput.-Aided Design Integr. Circuits Syst.}, 
title={Graceful Performance Modulation for Power-Neutral Transient Computing Systems}, 
volume={35}, 
number={5}, 
pages={738-749}, 
year={2016}, 
}
month=may,

@inproceedings{222579,
author = {Kiwan Maeng and Brandon Lucia},
title = {Adaptive Dynamic Checkpointing for Safe Efficient Intermittent Computing},
booktitle = {Proc. 13th {OSDI}},
address = {Carlsbad, CA},
pages = {129--144},
month = oct,
year = {2018},
}

@inproceedings{Ransford:2011:MSS:1950365.1950386,
author = {Ransford, Benjamin and Sorber, Jacob and Fu, Kevin},
title = "Mementos: System Support for Long-running Computation on {RFID}-scale Devices",
booktitle = {Proc. ASPLOS XVI},
address = {Newport Beach, CA, USA},
month = mar,
year = {2011},
pages = {159--170},
} 

@INPROCEEDINGS{7944791,
author={N. A. {Bhatti} and L. {Mottola}},
title={Harv{OS}: Efficient Code Instrumentation for Transiently-Powered Embedded Sensing},
booktitle={Proc. 16th IPSN},
address = {Pittsburgh, PA, USA},
pages={209-220},
month=apr,
year={2017},
}

@article{10.1145/3360285,
author = {Majid, Amjad Yousef and Donne, Carlo Delle and Maeng, Kiwan and Colin, Alexei and Yildirim, Kasim Sinan and Lucia, Brandon and Pawe\l{}czak, Przemys\l{}aw},
title = {Dynamic Task-Based Intermittent Execution for Energy-Harvesting Devices},
journal = {ACM Trans. Sen. Netw.},
volume = {16},
number = {1},
month = feb,
year = {2020},
}

@article{Maeng:2017:AIE:3152284.3133920,
author = {Maeng, Kiwan and Colin, Alexei and Lucia, Brandon},
title = {Alpaca: Intermittent Execution Without Checkpoints},
journal = {Proc. ACM Program. Lang.},
volume = {1},
number = {OOPSLA},
month = oct,
year = {2017},
} 

@ARTICLE{7442814,
author={D. {Balsamo} and A. S. {Weddell} and A. {Das} and A. R. {Arreola} and D. {Brunelli} and B. M. {Al-Hashimi} and G. V. {Merrett} and L. {Benini}},
title={Hibernus++: A Self-Calibrating and Adaptive System for Transiently-Powered Embedded Devices},
journal={IEEE Trans. Comput.-Aided Design Integr. Circuits Syst.},
year={2016},
volume={35},
number={12},
pages={1968-1980},
}

@ARTICLE{7849206,
author={M. {Zhao} and C. {Fu} and Z. {Li} and Q. {Li} and M. {Xie} and Y. {Liu} and J. {Hu} and Z. {Jia} and C. J. {Xue}},
journal={IEEE Trans. Comput.-Aided Design Integr. Circuits Syst.}, 
title={Stack-Size Sensitive On-Chip Memory Backup for Self-Powered Nonvolatile Processors}, 
year={2017},
volume={36},
number={11},
pages={1804-1816}
}

@ARTICLE{7807254,  
author={Y. {Liu} and J. {Yue} and H. {Li} and Q. {Zhao} and M. {Zhao} and C. J. {Xue} and G. {Sun} and M. {Chang} and H. {Yang}},  
journal={IEEE Trans. Comput.-Aided Design Integr. Circuits Syst.},   
title={Data Backup Optimization for Nonvolatile SRAM in Energy Harvesting Sensor Nodes},   
year={2017},  
volume={36},  
number={10},  
pages={1660-1673},
}

@inproceedings{Maeng:2019:SPI:3314221.3314613,
author = {Maeng, Kiwan and Lucia, Brandon},
title = {Supporting Peripherals in Intermittent Systems with Just-in-time Checkpoints},
booktitle = {Proc. 40th PLDI},
address = {Phoenix, AZ, USA},
year = {2019},
pages = {1101--1116},
}

@article{Su:2019:TFR:3340300.3320270,
author = {Su, Fang and Liu, Yongpan and Sheng, Xiao and Lee, Hyung Gyu and Chang, Naehyuck and Yang, Huazhong},
title = {A Task Failure Rate Aware Dual-Channel Solar Power System for Nonvolatile Sensor Nodes},
journal = {ACM Trans. Embed. Comput. Syst.},
volume = {18},
number = {4},
month = jul,
year = {2019},
}

@inproceedings{Jackson:2019:COC:3302506.3310400,
author = {Jackson, Neal and Adkins, Joshua and Dutta, Prabal},
title = {Capacity over Capacitance for Reliable Energy Harvesting Sensors},
booktitle = {Proc. 18th IPSN},
address = {Montreal, Quebec, Canada},
month = apr,
year = {2019},
pages = {193--204},
} 

@INPROCEEDINGS{7428003,
author={Yizi Gu and Y. {Liu} and Y. {Wang} and H. {Li} and H. {Yang}},
title={{NVP}sim: A simulator for architecture explorations of nonvolatile processors},
booktitle={Proc. 21st ASP-DAC},
month=Jan,
year={2016},
pages={147-152},
}

@inproceedings{10.1145/3279755.3279756,
author = {Wu, Tongda and Zhang, Lefan and Yang, Huazhong and Liu, Yongpan},
title = {An Extensible System Simulator for Intermittently-Powered Multiple-Peripheral IoT Devices},
booktitle = {Proc. 6th ENSsys},
address = {Shenzhen, China},
month = nov,
year = {2018},
pages = {1–6},
}

@INPROCEEDINGS{8574572,
author={J. {San Miguel} and K. {Ganesan} and M. {Badr} and C. {Xia} and R. {Li} and H. {Hsiao} and N. {Enright Jerger}},
title="The {EH} Model: Early Design Space Exploration of Intermittent Processor Architectures",
booktitle={Proc. 51st IEEE/ACM MICRO},
address={Fukuoka, Japan},
pages={600-612},
month={Oct},
year={2018},
}

@inproceedings{sliper2020fused,
title={Fused: closed-loop performance and energy simulation of embedded systems},
author={Sliper, Sivert T and Wang, William and Nikoleris, Nikos and Weddell, Alexander and Merrett, Geoff},
address = {Boston, MA, USA},
booktitle = {Proc. ISPASS},
year={2020},
}

@inproceedings{10.1145/2668332.2668336,
author = {Hester, Josiah and Scott, Timothy and Sorber, Jacob},
title = {Ekho: Realistic and Repeatable Experimentation for Tiny Energy-Harvesting Sensors},
booktitle = {Proc. 12th SenSys},
address = {Memphis, Tennessee},
year = {2014},
pages = {1–15},
}

@inproceedings{10.1145/3356250.3360042,
author = {Geissdoerfer, Kai and Chwalisz, Miko\l{}aj and Zimmerling, Marco},
title = {Shepherd: A Portable Testbed for the Batteryless IoT},
booktitle = {Proc. 17th SenSys},
address = {New York, NY, USA},
year = {2019},
pages = {83–95},
}

@manual{alcapacitor,
title = "{UPW} Aluminum Electrolytic Capacitors",
organization = {Nichicon},
}
url = {http://www.nichicon.co.jp/english/products/pdfs/e-upw.pdf},

@techreport{avxleakage,
author = {Radovan Faltus},
title = "Low Leakage Current Aspect of Designing with Tantalum and Niobium Oxide Capacitors",
institution = {AVX},
year = {2012},
}
url = {https://www.avx.com/docs/techinfo/Low_Leakage_Current_Aspect_Designing_Tantalum_Niobium_Oxide_Capacitors.pdf},

@manual{tancap1,
title = "{TAJ} low profile series tantalum capacitors",
organization = {AVX},
}
url = {http://datasheets.avx.com/TAJ_LOW_PROFILE.pdf},

@inproceedings{Sliper:2019:ESR:3316781.3317812,
author = {Sliper, Sivert T. and Balsamo, Domenico and Nikoleris, Nikos and Wang, William and Weddell, Alex S. and Merrett, Geoff V.},
title = {Efficient State Retention Through Paged Memory Management for Reactive Transient Computing},
booktitle = {Proc. 56th DAC},
addresss = {Las Vegas, NV, USA},
month = jun,
year = {2019},
pages = {26:1--26:6},
}
url = {http://doi.acm.org/10.1145/3316781.3317812},


@ARTICLE{stoffel1981nrel,
title="{NREL} Solar Radiation Research Laboratory ({SRRL}): Baseline Measurement System ({BMS}); {Golden, Colorado (Data)}",
journal={NREL Report NO.DA-5500-56488}, 
author={Andreas, A and Stoffel, T},
year={1981},
institution={National Renewable Energy Lab.(NREL), Golden, CO (United States)},
doi = {10.7799/1052221},
}

@ARTICLE{6244798,
author={M. {Gorlatova} and A. {Wallwater} and G. {Zussman}},
journal={IEEE Trans. Mobile Comput.},
title={Networking Low-Power Energy Harvesting Devices: Measurements and Algorithms},
volume={12},
number={9},
pages={1853-1865},
month=sep,
year={2013},
}

@Article{en9050326,
AUTHOR = {Vergura, Silvano},
TITLE = "A Complete and Simplified Datasheet-Based Model of {PV} Cells in Variable Environmental Conditions for Circuit Simulation",
JOURNAL = {Energies},
VOLUME = {9},
YEAR = {2016},
NUMBER = {5},
}

@manual{solarcell,
title = "Panasonic Amorton Solar Cells",
note = "{Accessed:} Jul. 2020",
url = {https://www.panasonic-electric-works.com/cps/rde/xbcr/pew_eu_en/ca_amorton_solar_cells_en.pdf},
}






==============================================
==============================================
==============================================


@inproceedings{Simjee:2006:ELS:1165573.1165619,
author = {Simjee, Farhan and Chou, Pai H.},
title = {Everlast: Long-life, Supercapacitor-operated Wireless Sensor Node},
booktitle = {Proc. ISLPED},
address = {Tegernsee, Bavaria, Germany},
year = {2006},
pages = {197--202},
}


@inproceedings{Lucia:2015:SSP:2737924.2737978,
author = {Lucia, Brandon and Ransford, Benjamin},
title = {A Simpler, Safer Programming and Execution Model for Intermittent Systems},
booktitle = {Proceedings of the 36th ACM SIGPLAN Conference on Programming Language Design and Implementation},
series = {PLDI '15},
year = {2015},
isbn = {978-1-4503-3468-6},
location = {Portland, OR, USA},
pages = {575--585},
numpages = {11},
doi = {10.1145/2737924.2737978},
acmid = {2737978},
publisher = {ACM},
address = {New York, NY, USA},
keywords = {Intermittent Computing},
} 
url = {http://doi.acm.org/10.1145/2737924.2737978},

@INPROCEEDINGS{6341281, 
author={Y. {Wang} and Y. {Liu} and S. {Li} and D. {Zhang} and B. {Zhao} and M. {Chiang} and Y. {Yan} and B. {Sai} and H. {Yang}}, 
booktitle={2012 Proceedings of the ESSCIRC (ESSCIRC)}, 
title={A 3us wake-up time nonvolatile processor based on ferroelectric flip-flops}, 
year={2012}, 
volume={}, 
number={}, 
pages={149-152}, 
keywords={energy harvesting;ferroelectric devices;flip-flops;wake-up time nonvolatile processor;ferroelectric flip-flop;zero standby power;power failure resilience;fabricated nonvolatile processor;system states;parallel reads;parallel writes;reconfigurable voltage detection system;automatic system backup;chip-level fine-grained power management;energy harvesting;frequency 20 kHz;time 7 mus;time 3 mus;Nonvolatile memory;Random access memory;Registers;Capacitors;Power supplies;Semiconductor device measurement;Switching circuits}, 
doi={10.1109/ESSCIRC.2012.6341281}, 
ISSN={1930-8833}, 
month={Sep.},
}

@ARTICLE{8119973,
author={J. {San Miguel} and K. {Ganesan} and M. {Badr} and N. E. {Jerger}},
journal={IEEE Computer Architecture Letters},
title="The {EH} Model: Analytical Exploration of Energy-Harvesting Architectures",
year={2018},
volume={17},
number={1},
pages={76-79},
keywords={energy harvesting;power aware computing;random-access storage;intermittent computing;frequent power outages;conventional systems;perpetual loop;forward progress;intermittent execution model;nonvolatile memory;EH model;analytical exploration;energy-harvesting architectures;energy-harvesting devices;Nonvolatile memory;Mathematical model;Computational modeling;Analytical models;Computer architecture;Power system reliability;Energy-harvesting;intermittent computing;analytical model},
doi={10.1109/LCA.2017.2777834},
ISSN={},
month={Jan},
}


@misc{tancap2,
author = {AVX},
title = "{AVX} {TACmicrochip} low profile series tantalum capacitors",
url = {http://datasheets.avx.com/TAC_LP.pdf},
}

@misc{tancap3,
author = {AVX},
title = "{AVX} {F92} series tantalum capacitors",
url = {http://datasheets.avx.com/F92.pdf},
}

@misc{tancap4,
author = {Vishay},
title = "{Vishay} {572D} series tantalum capacitors",
url = {http://www.vishay.com/docs/40064/572d.pdf},
}

@misc{tancap5,
author = {Vishay},
title = "{Vishay} {591D} series tantalum capacitors",
url = {https://www.vishay.com/docs/40012/591d.pdf},
}

@misc{tancap6,
author = {Vishay},
title = "{Vishay} {592D} series tantalum capacitors",
url = {http://www.vishay.com/docs/40004/592d.pdf},
}

@INPROCEEDINGS{6064380,
author={L. {Mainetti} and L. {Patrono} and A. {Vilei}},
booktitle={SoftCOM 2011, 19th International Conference on Software, Telecommunications and Computer Networks},
title={Evolution of wireless ensor networks towards the Internet of Things: A survey},
year={2011},
pages={1-6},
keywords={Internet;IP networks;personal area networks;wireless sensor networks;wireless sensor network evolution;Internet of things;WSN;environment monitoring;smart metering;IP-based sensor networks;6LoWPAN-IPv6;IoT;all-IP infrastructure;actuator technology;building automation;Wireless sensor networks;Protocols;Internet;Zigbee;Buildings;Automation;Wireless communication},
ISSN={null},
month={Sep.}
}

@ARTICLE{7347318,
author={O. {Hahm} and E. {Baccelli} and H. {Petersen} and N. {Tsiftes}},
journal={IEEE Internet of Things Journal},
title={Operating Systems for Low-End Devices in the Internet of Things: A Survey},
year={2016},
volume={3},
number={5},
pages={720-734},
keywords={Internet of Things;mobile computing;operating systems (computers);software maintenance;software maintenance;software deployment;software development;IoT;Internet of Things;low-end device;OS;operating system;Random access memory;Hardware;Internet of things;Operating systems;Standards;Embedded software;Internet of Things (IoT);low-power electronics;operating system (OS)},
doi={10.1109/JIOT.2015.2505901},
ISSN={2372-2541},
month={Oct},
}

@ARTICLE{7954016,
author={T. {Adegbija} and A. {Rogacs} and C. {Patel} and A. {Gordon-Ross}},
journal={IEEE Transactions on Computer-Aided Design of Integrated Circuits and Systems},
title={Microprocessor Optimizations for the Internet of Things: A Survey},
year={2018},
volume={37},
number={1},
pages={7-20},
keywords={data acquisition;Internet of Things;microprocessor chips;optimisation;microprocessor optimizations;data acquisition;low-power devices;data explosion;data transmission costs;energy consumption;edge nodes;effective edge computing;next-generation IoT applications;broad IoT application classification methodology;IoT microprocessors;potential microarchitectural optimizations;right-provisioned microprocessors;microprocessor architectures;next-generation IoT devices;Microprocessors;Computer architecture;Medical diagnostic imaging;Edge computing;Microarchitecture;Optimization;Energy consumption;Adaptable microprocessors;approximate computing;edge computing;energy harvesting;heterogeneous architectures;Internet of Things (IoT);IoT survey;low-power embedded systems;microprocessor optimizations},
doi={10.1109/TCAD.2017.2717782},
ISSN={1937-4151},
month={Jan},
}

@ARTICLE{7488250,
author={W. {Shi} and J. {Cao} and Q. {Zhang} and Y. {Li} and L. {Xu}},
journal={IEEE Internet of Things Journal},
title={Edge Computing: Vision and Challenges},
year={2016},
volume={3},
number={5},
pages={637-646},
keywords={cloud computing;data privacy;Internet of Things;smart cities;smart city;smart home;cloud offloading;data privacy;data safety;bandwidth cost saving;battery life constraint;response time requirement;data processing;cloud services;Internet of Things;edge computing;Cloud computing;Internet of things;Bandwidth;Time factors;Mobile handsets;Data privacy;Smart homes;Edge computing;Internet of Things (IoT);smart home and city},
doi={10.1109/JIOT.2016.2579198},
ISSN={2372-2541},
month={Oct},
}



@ARTICLE{5522465,
author={S. {Sudevalayam} and P. {Kulkarni}},
journal={IEEE Communications Surveys Tutorials},
title={Energy Harvesting Sensor Nodes: Survey and Implications},
year={2011},
volume={13},
number={3},
pages={443-461},
keywords={distributed sensors;energy harvesting;energy storage;reliability;energy harvesting sensor node;sensor networks;battery-powered node;sensing reliability;transmission coverage;sensing coverage;electrical energy conversion;energy storage;energy sources;Batteries;Costs;Monitoring;Energy storage;Computer networks;Routing protocols;Energy states;Sensor systems and applications;Collaboration;Embedded computing;Sensor networks;Energy-aware systems;Energy harvesting},
doi={10.1109/SURV.2011.060710.00094},
ISSN={2373-745X},
month={Third},
}

@inproceedings{Buchli:2014:DPM:2668332.2668333,
author = {Buchli, Bernhard and Sutton, Felix and Beutel, Jan and Thiele, Lothar},
title = {Dynamic Power Management for Long-term Energy Neutral Operation of Solar Energy Harvesting Systems},
booktitle = {Proceedings of the 12th ACM Conference on Embedded Network Sensor Systems},
series = {SenSys '14},
year = {2014},
isbn = {978-1-4503-3143-2},
location = {Memphis, Tennessee},
pages = {31--45},
numpages = {15},
doi = {10.1145/2668332.2668333},
acmid = {2668333},
publisher = {ACM},
address = {New York, NY, USA},
keywords = {energy neutral operation, solar energy harvesting, wireless sensor networks},
} 
url = {http://doi.acm.org/10.1145/2668332.2668333},

@article{Wagemann:2017:OER:3136518.3078631,
author = {W\"{a}gemann, Peter and Distler, Tobias and Janker, Heiko and Raffeck, Phillip and Sieh, Volkmar and Schr\"{o}Der-Preikschat, Wolfgang},
title = {Operating Energy-Neutral Real-Time Systems},
journal = {ACM Trans. Embed. Comput. Syst.},
issue_date = {January 2018},
volume = {17},
number = {1},
month = aug,
year = {2017},
issn = {1539-9087},
pages = {11:1--11:25},
articleno = {11},
numpages = {25},
doi = {10.1145/3078631},
acmid = {3078631},
publisher = {ACM},
address = {New York, NY, USA},
keywords = {Energy harvesting, energy budget monitoring},
} 
url = {http://doi.acm.org/10.1145/3078631},

@inproceedings{Jiang:2005:PEP:1147685.1147765,
author = {Jiang, Xiaofan and Polastre, Joseph and Culler, David},
title = {Perpetual Environmentally Powered Sensor Networks},
booktitle = {Proceedings of the 4th International Symposium on Information Processing in Sensor Networks},
series = {IPSN '05},
year = {2005},
isbn = {0-7803-9202-7},
location = {Los Angeles, California},
articleno = {65},
acmid = {1147765},
publisher = {IEEE Press},
address = {Piscataway, NJ, USA},
} 
url = {http://dl.acm.org/citation.cfm?id=1147685.1147765},

@inproceedings {199319,
author = {Joel Van Der Woude and Matthew Hicks},
title = {Intermittent Computation without Hardware Support or Programmer Intervention},
booktitle = {12th {USENIX} Symposium on Operating Systems Design and Implementation ({OSDI} 16)},
year = {2016},
isbn = {978-1-931971-33-1},
address = {Savannah, GA},
pages = {17--32},
publisher = {{USENIX} Association},
month = nov,
}
url = {https://www.usenix.org/conference/osdi16/technical-sessions/presentation/vanderwoude},

@INPROCEEDINGS{7056060,
author={K. {Ma} and Y. {Zheng} and S. {Li} and K. {Swaminathan} and X. {Li} and Y. {Liu} and J. {Sampson} and Y. {Xie} and V. {Narayanan}},
booktitle={2015 IEEE 21st International Symposium on High Performance Computer Architecture (HPCA)},
title={Architecture exploration for ambient energy harvesting nonvolatile processors},
year={2015},
volume={},
number={},
pages={526-537},
keywords={energy harvesting;memory architecture;random-access storage;ambient energy harvesting;nonvolatile processor architecture;power variation tolerance;battery-less system;Nonvolatile memory;Program processors;Radio frequency;Clocks;Registers;Pipelines;Sensors},
doi={10.1109/HPCA.2015.7056060},
ISSN={2378-203X},
month={Feb},
}

@article{sundmaeker2010vision,
  title={Vision and challenges for realising the Internet of Things},
  author={Sundmaeker, Harald and Guillemin, Patrick and Friess, Peter and Woelffl{\'e}, Sylvie},
  journal={Cluster of European Research Projects on the Internet of Things, European Commision},
  volume={3},
  number={3},
  pages={34--36},
  year={2010},
  publisher={Eur. Commission Inf. Soc. Media DG}
}

@misc{dave2011next,
author = {Dave Evans},
title = "The Internet of Things: How the next evolution of the internet is changing everything",
url = {https://www.cisco.com/c/dam/en_us/about/ac79/docs/innov/IoT_IBSG_0411FINAL.pdf},
}

@article{AKHTAR2015769,
author = "Fayaz Akhtar and Mubashir Husain Rehmani",
title = "Energy replenishment using renewable and traditional energy resources for sustainable wireless sensor networks: A review",
journal = "Renewable Sustainable Energy Rev.",
volume = "45",
pages = "769 - 784",
year = "2015",
}

@article{10.1145/3022671.2983995,
author = {Colin, Alexei and Lucia, Brandon},
title = {Chain: Tasks and Channels for Reliable Intermittent Programs},
year = {2016},
issue_date = {December 2016},
publisher = {Association for Computing Machinery},
address = {New York, NY, USA},
volume = {51},
number = {10},
issn = {0362-1340},
doi = {10.1145/3022671.2983995},
journal = {SIGPLAN Not.},
month = oct,
pages = {514–530},
numpages = {17},
keywords = {energy-harvesting, intermittent computing}
}
url = {https://doi.org/10.1145/3022671.2983995},


  















%%%%%%%%%%%%%%%%%%%%%%%%%%%%%%%%%%%%%%%%%%%%%%%%%%%%%%%%%%%%%%%%%%%%%%%%%%%%%%%%%%%%%%%%
%%%%%%%%%%%%%%%%%%%%%%%%%%%%%%%%%%%%%%%%%%%%%%%%%%%%%%%%%%%%%%%%%%%%%%%%%%%%%%%%%%%%%%%%
%%%%%%%%%%%%%%%%%%%%%%%%%%%%%%%%%%%%%%%%%%%%%%%%%%%%%%%%%%%%%%%%%%%%%%%%%%%%%%%%%%%%%%%%
not used

@misc{tacap12,
author = {Vishay},
title = {Solid Tantalum Surface Mount Chip Capacitors},
url = {https://www.vishay.com/docs/40002/293d.pdf},
}

@misc{tacap11,
author = {AVX},
title = {{A}{V}{X} Tantalum Leaded Capacitors},
url = {http://www.farnell.com/datasheets/11903.pdf},
}


@misc{fft,
author = {Evan Wakefield},
title = {Benchmarking the Signal Processing Capabilities of the Low-Energy Accelerator on MSP430™ MCUs},
url = {http://www.ti.com/lit/an/slaa698b/slaa698b.pdf},
}

@inproceedings{Colin:2018:RES:3173162.3173210,
author = {Colin, Alexei and Ruppel, Emily and Lucia, Brandon},
title = {A Reconfigurable Energy Storage Architecture for Energy-harvesting Devices},
booktitle = {Proceedings of the Twenty-Third International Conference on Architectural Support for Programming Languages and Operating Systems},
series = {ASPLOS '18},
year = {2018},
isbn = {978-1-4503-4911-6},
location = {Williamsburg, VA, USA},
pages = {767--781},
numpages = {15},
doi = {10.1145/3173162.3173210},
acmid = {3173210},
publisher = {ACM},
address = {New York, NY, USA},
keywords = {energy burst, energy-harvesting power system, intermittent computing},
} 
url = {http://doi.acm.org/10.1145/3173162.3173210},


%%%%%%%%%%%%%%%%%%%%%%%%%%%%%%%%%%%%%%%%%%%%%%
%%%%%%%%%%%%%%%%%%%%%%%%%%%%%%%%%%%%%%%%%%%%%%
% Old references, attached in case of need. 

@INPROCEEDINGS{5627952, 
author={P. D. {Mitcheson}}, 
booktitle={2010 Annual International Conference of the IEEE Engineering in Medicine and Biology}, 
title={Energy harvesting for human wearable and implantable bio-sensors}, 
year={2010}, 
volume={}, 
number={}, 
pages={3432-3436}, 
keywords={biomedical electronics;body area networks;energy harvesting;power supplies to apparatus;thermoelectric devices;wireless sensor networks;human wearable wireless biosensors;human implantable wireless biosensors;biosensor functionality;biosensor battery lifetime;biosensor battery volume;harvester powered body sensor networks;inertial kinetic energy harvesting devices;thermoelectric devices;walking;running;power density;Generators;Thermal resistance;Energy harvesting;Kinetic energy;Humans;Immune system;Legged locomotion;Bioelectric Energy Sources;Biosensing Techniques;Computer-Aided Design;Electric Power Supplies;Energy Transfer;Equipment Design;Equipment Failure Analysis;Humans;Monitoring, Ambulatory;Prostheses and Implants}, 
doi={10.1109/IEMBS.2010.5627952}, 
ISSN={1094-687X}, 
month={Aug},
}

@ARTICLE{6579688, 
author={G. {Acampora} and D. J. {Cook} and P. {Rashidi} and A. V. {Vasilakos}}, 
journal={Proceedings of the IEEE}, 
title={A Survey on Ambient Intelligence in Healthcare}, 
year={2013}, 
volume={101}, 
number={12}, 
pages={2470-2494}, 
keywords={health care;inference mechanisms;learning (artificial intelligence);planning (artificial intelligence);ambient intelligence;health care domain;AmI paradigm;information technology;digital environments;daily environment;human-machine interactions;pervasive communications;unobtrusive communications;anticipatory communications;AI methodologies;artificial intelligence;learning techniques;user interaction;reasoning techniques;user goals;user intentions;planning techniques;planning activities;planning interactions;chronic disease;mental disabilities;physical disabilities;Medical services;Wireless sensor networks;Wireless communication;Transducers;Robot sensing systems;Ambient intelligence;Artificial intelligence;Ambient Intelligence (AmI);healthcare;sensor networks;smart environments}, 
doi={10.1109/JPROC.2013.2262913}, 
ISSN={0018-9219}, 
month={Dec},
}

%%%%%%%%%%%%%%%%%%%%%%%%%%%%%%%%%%%%%%%%%%%%%%
%%%%%%%%%%%%%%%%%%%%%%%%%%%%%%%%%%%%%%%%%%%%%

